<record><leader>00000cas a22000007a 4500</leader><controlfield tag="001">26782079</controlfield><controlfield tag="008">921014d18791886nyuwr ne      0    0eng d</controlfield><datafield ind1=" " ind2=" " tag="010"><subfield code="a">sn 92062152 </subfield></datafield><datafield ind1=" " ind2=" " tag="040"><subfield code="a">NYS</subfield><subfield code="b">eng</subfield><subfield code="c">NYS</subfield><subfield code="d">OCLCQ</subfield></datafield><datafield ind1=" " ind2=" " tag="042"><subfield code="a">msc</subfield></datafield><datafield ind1="0" ind2="4" tag="245"><subfield code="a">The Jamestown standard.</subfield></datafield><datafield ind1=" " ind2=" " tag="260"><subfield code="a">Jamestown, N.Y. :</subfield><subfield code="b">Shankland &amp; Brooks</subfield></datafield><datafield ind1=" " ind2=" " tag="300"><subfield code="a">v.</subfield></datafield><datafield ind1=" " ind2=" " tag="310"><subfield code="a">Weekly</subfield></datafield><datafield ind1="1" ind2=" " tag="362"><subfield code="a">Began in 1879.</subfield><subfield code="z">Cf. Gregory, W. Amer. newspapers.</subfield></datafield><datafield ind1="1" ind2=" " tag="362"><subfield code="a">Ceased in May 1886.</subfield><subfield code="z">Cf. Centennial history of Chautuaqua County, 1904.</subfield></datafield><datafield ind1=" " ind2=" " tag="588"><subfield code="a">Description based on: Vol. 1, no. 37 (June 25, 1880).</subfield></datafield><datafield ind1=" " ind2="4" tag="651"><subfield code="a">Jamestown (N.Y.)</subfield><subfield code="v">Newspapers.</subfield></datafield><datafield ind1=" " ind2=" " tag="752"><subfield code="a">United States</subfield><subfield code="b">New York</subfield><subfield code="c">Chautauqua</subfield><subfield code="d">Jamestown.</subfield></datafield><datafield ind1="0" ind2="0" tag="785"><subfield code="t">Jamestown sun and weekly standard</subfield><subfield code="w">(DLC)sn 92062153</subfield><subfield code="w">(OCoLC)26782443</subfield></datafield><datafield ind1="1" ind2=" " tag="029"><subfield code="a">AU@</subfield><subfield code="b">000020717967</subfield></datafield></record>